//////////////////////////////////////////////////////////////////
////////------------------Articles-------------------------///////
//////////////////////////////////////////////////////////////////

@article{al2017trust,
  title={{Trust-Based Decision Making for Health {IoT} Systems}},
  author={Al-Hamadi, Hamid and Chen, Ray},
  journal={IEEE Internet of Things Journal},
  volume={4},
  number={5},
  pages={1408--1419},
  year={2017},
  publisher={IEEE}
}

@article{garyfalos2008coupons,
  title={{Coupons: A Multilevel Incentive Scheme for Information Dissemination in Mobile Networks}},
  author={Garyfalos, Anargyros and Almeroth, Kevin C},
  journal={IEEE Transactions on Mobile Computing},
  volume={7},
  number={6},
  pages={792--804},
  year={2008},
  publisher={IEEE}
}

@article{kim2015hcs,
  title={HCS: hierarchical cluster-based forwarding scheme for mobile social networks},
  author={Kim, Sun-Kyum and Yoon, Ji-Hyeun and Lee, Junyeop and Yang, Sung-Bong},
  journal={Wireless Networks},
  volume={21},
  number={5},
  pages={1699--1711},
  year={2015},
  publisher={Springer}
}

@article{pazin2003parada,
  title={Parada cardiorrespirat{\'o}ria (PCR)},
  author={Pazin-Filho, Ant{\^o}nio and Santos, Jos{\'e} Carlos and Castro, Renato Barroso Pereira and Bueno, Cl{\'a}udia Dizioli Franco and Schmidt, Andr{\'e}},
  journal={Medicina (Ribeir{\~a}o Preto. Online)},
  volume={36},
  number={2/4},
  pages={163--178},
  year={2003}
}

@article{sizemore2018dynamic,
  title={Dynamic graph metrics: Tutorial, toolbox, and tale},
  author={Sizemore, Ann E and Bassett, Danielle S},
  journal={NeuroImage},
  volume={180},
  pages={417--427},
  year={2018},
  publisher={Elsevier}
}

@article{truong2017toward,
  title={{Toward a Trust Evaluation Mechanism in the Social Internet of Things}},
  author={Truong, Nguyen Binh and Lee, Hyunwoo and Askwith, Bob and Lee, Gyu Myoung},
  journal={Sensors},
  volume={17},
  number={6},
  pages={1346},
  year={2017},
  publisher={Multidisciplinary Digital Publishing Institute}
}


//////////////////////////////////////////////////////////////////
////////------------------Inproceedings--------------------///////
//////////////////////////////////////////////////////////////////

@inproceedings{batista2019sbseg,
 author= {Batista, Agnaldo and Santos, Aldri and Nogueira, Michele},
 title = {{Disseminação Robusta de Dados Pessoais Sensíveis Baseada em Comunidade de Interesse e Confiança Social para Suportar Situações Emergenciais de Saúde}},
 booktitle = {Anais SBSeg 2019},
 location = {São Paulo},
 year = {2019},
 keywords = {},
 pages = {},
 publisher = {SBC},
 address = {Porto Alegre, RS, Brasil},
 url = {https://sol.sbc.org.br/index.php/sbseg/article/view/4254}
}

@inproceedings{nzeko2017time,
author={Nzeko'o, Armel Jacques Nzekon and Tchuente, Maurice and Latapy, Matthieu},
year = {2017},
month = {01},
pages = {268-275},
title = {Time Weight Content-based Extensions of Temporal Graphs for Personalized Recommendation},
booktitle={WEBIST 2017}
}


//////////////////////////////////////////////////////////////////
////////------------------------Misc-----------------------///////
//////////////////////////////////////////////////////////////////

@misc{ieee2012,
  title={{802.15. 6-2012 IEEE Standards for Local and Metropolitan Area Networks--Part 15.6: Wireless Body Area Networks}},
  author={IEEE Standards Association and others},
  pages={1-271},
  year = {2012},
  publisher={IEEE}
}

@misc{statista2019,
  author = {Arne Holst},
  title = {{Global smartphone sales to end users 2007-2020}},
  howpublished = "{https://www.statista.com/statistics/263437/global-smartphone-sales-to-end-users-since-2007/}",
  year = {2019}, 
  note = ""
}

//////////////////////////////////////////////////////////////////
////////-------------------------End-----------------------///////
//////////////////////////////////////////////////////////////////